@book{book1,
author = {Dayan, Peter and Abbott, L. F.},
title = {Theoretical Neuroscience: Computational and Mathematical Modeling of Neural Systems},
year = {2005},
isbn = {0262541858},
publisher = {The MIT Press}
}
	
@book{Prinz,
author = {Prinz, A. A., Bucher, D. and Marder},
title = {{Similar network activity from disparate circuit parameters}},
year = {2004}
}

@article{Rot,
author = {Rotstein, H. G., Olarinre, M. and Golowasch, J.},
journal = {J. Neurophysiol},
number = {116},
pages = {2431--2452},
title = {{Dynamic compensatory mechanism give rise to period and duty cycle level sets in oscillatory neuronal models}},
year = {2016}
}

@article{Oly,
author = {Olypher, Andrey V. and Calabrese, Ronald L.},
title = {Using Constraints on Neuronal Activity to Reveal Compensatory Changes in Neuronal Parameters},
journal = {Journal of Neurophysiology},
volume = {98},
number = {6},
pages = {3749-3758},
year = {2007},
doi = {10.1152/jn.00842.2007},
    note ={PMID: 17855581},
}

@article{Olypher2010,
author = {Olypher, Andrey V and Prinz, Astrid A},
doi = {10.1007/s10827-010-0213-z},
issn = {1573-6873},
journal = {Journal of Computational Neuroscience},
number = {3},
pages = {361--374},
title = {{Geometry and dynamics of activity-dependent homeostatic regulation in neurons}},
volume = {28},
year = {2010}
}

@article{Astrid,
author = {Prinz A. A.},
journal = {Computational Neuroscience in Epilepsy. Elsevier.},
title = {{Stability and plasticity in neuronal and network dynamics }},
year = {2008}
}

@article {Swensen3509,
	author = {Swensen, Andrew M. and Bean, Bruce P.},
	title = {Robustness of Burst Firing in Dissociated Purkinje Neurons with Acute or Long-Term Reductions in Sodium Conductance},
	volume = {25},
	number = {14},
	pages = {3509--3520},
	year = {2005},
	doi = {10.1523/JNEUROSCI.3929-04.2005},
	publisher = {Society for Neuroscience},
	issn = {0270-6474},
	URL = {https://www.jneurosci.org/content/25/14/3509},
	eprint = {https://www.jneurosci.org/content/25/14/3509.full.pdf},
	journal = {Journal of Neuroscience}
}

@article{article1,
author = {Prinz, Astrid and Smolinski, Tomasz and Hudson, Amber},
year = {2011},
month = {01},
pages = {},
title = {Understanding Animal-to-Animal Variability in Neuronal and Network Properties},
isbn = {9780195393798},
journal = {The Dynamic Brain: An Exploration of Neuronal Variability and Its Functional Significance},
doi = {10.1093/acprof:oso/9780195393798.003.0007}
}

@article {GolowaschRC33,
	author = {Golowasch, Jorge and Abbott, L. F. and Marder, Eve},
	title = {Activity-Dependent Regulation of Potassium Currents in an Identified Neuron of the Stomatogastric Ganglion of the Crab Cancer borealis},
	volume = {19},
	number = {20},
	pages = {RC33--RC33},
	year = {1999},
	doi = {10.1523/JNEUROSCI.19-20-j0004.1999},
	publisher = {Society for Neuroscience},
	issn = {0270-6474},
	URL = {https://www.jneurosci.org/content/19/20/RC33},
	eprint = {https://www.jneurosci.org/content/19/20/RC33.full.pdf},
	journal = {Journal of Neuroscience}
}

@article{Schulz2006,
author = {Schulz, David J and Goaillard, Jean-Marc and Marder, Eve},
doi = {10.1038/nn1639},
issn = {1546-1726},
journal = {Nature Neuroscience},
number = {3},
pages = {356--362},
title = {{Variable channel expression in identified single and electrically coupled neurons in different animals}},
url = {https://doi.org/10.1038/nn1639},
volume = {9},
year = {2006}
}

@article {Khorkova8709,
	author = {Khorkova, Olga and Golowasch, Jorge},
	title = {Neuromodulators, Not Activity, Control Coordinated Expression of Ionic Currents},
	volume = {27},
	number = {32},
	pages = {8709--8718},
	year = {2007},
	doi = {10.1523/JNEUROSCI.1274-07.2007},
	publisher = {Society for Neuroscience},
	issn = {0270-6474},
	URL = {https://www.jneurosci.org/content/27/32/8709},
	eprint = {https://www.jneurosci.org/content/27/32/8709.full.pdf},
	journal = {Journal of Neuroscience}
}

@article {sc,
	author = {Astrid A. Prinz},
	title = {Neuronal parameter optimization.},
	year = {2007},
	journal = {Scholarpedia, 2(1):1903}
}

@incollection{sc1,
    author = {},
    isbn = {9780262258722},
    title = "{Parameter Searching}",
    booktitle = "{Computational Modeling Methods for Neuroscientists}",
    publisher = {The MIT Press},
    year = {2009},
    month = {09},
    doi = {10.7551/mitpress/7543.003.0004},
    url = {https://doi.org/10.7551/mitpress/7543.003.0004},
    eprint = {https://direct.mit.edu/book/chapter-pdf/153495/9780262258722\_cab.pdf},
}

@article{BELLMAN1970329,
title = {On structural identifiability},
journal = {Mathematical Biosciences},
volume = {7},
number = {3},
pages = {329-339},
year = {1970},
issn = {0025-5564},
doi = {https://doi.org/10.1016/0025-5564(70)90132-X},
url = {https://www.sciencedirect.com/science/article/pii/002555647090132X},
author = {R. Bellman and K.J. Åström},
abstract = {In this article we introduce a new concept, structural identifiability, which plays a central role in identification problems. The concept is useful when answering questions such as: To what extent is it possible to get insight into the internal structure of a system from input-output measurements? What experiments are necessary in order to determine the internal couplings uniquely? The definition of the concept of an identifiable structure is given. Criteria as well as certain identifiable structures are discussed. Particular emphasis is given to compartmental models.}
}

@article{GODFREY198589,
title = {Identifiability of Model Parameter},
journal = {IFAC Proceedings Volumes},
volume = {18},
number = {5},
pages = {89-114},
year = {1985},
note = {7th IFAC/IFORS Symposium on Identification and System Parameter Estimation, York, UK, 3-7 July},
issn = {1474-6670},
doi = {https://doi.org/10.1016/S1474-6670(17)60544-5},
url = {https://www.sciencedirect.com/science/article/pii/S1474667017605445},
author = {K.R. Godfrey and J.J. DiStefano},
}

@article{sc2,
author = {Miao, Hongyu and Xia, Xiaohua and Perelson, Alan S. and Wu, Hulin},
title = {On Identifiability of Nonlinear ODE Models and Applications in Viral Dynamics},
journal = {SIAM Review},
volume = {53},
number = {1},
pages = {3-39},
year = {2011},
doi = {10.1137/090757009},
}

@Inbook{Prinz2007,
author="Prinz, Astrid A.",
title="Computational Exploration of Neuron and Neural Network Models in Neurobiology",
bookTitle="Neuroinformatics",
year="2007",
publisher="Humana Press",
address="Totowa, NJ",
pages="167--179",
isbn="978-1-59745-520-6",
doi="10.1007/978-1-59745-520-6_10",
url="https://doi.org/10.1007/978-1-59745-520-6_10"
}

@article{LeonGlass2001,
author = {{Leon Glass}},
journal = {Nature},
number = {March},
pages = {277--284},
title = {{Synchronization and rhythmic processes in physiology}},
volume = {410},
year = {2001}
}


@book{Murray2002,
  added-at = {2011-01-13T13:26:12.000+0100},
  address = {New York},
  author = {Murray, James D.},
  doi = {10.1007/b98868},
  edition = 3,
  keywords = {mathematical-biology epidemics epidemiology},
  publisher = {Springer},
  series = {Interdisciplinary Applied Mathematics},
  timestamp = {2011-01-13T13:26:12.000+0100},
  title = {Mathematical Biology I. An Introduction},
  volume = 17,
  year = 2002
}

@article{Kopell1973,
author = {Kopell, N. and Howard, L. N.},
journal = {Studies in Applied Mathematics},
number = {4},
pages = {291--328},
title = {{Plane Wave Solutions to Reaction-Diffusion Equations}},
volume = {52},
year = {1973}
}

@article{Blowey2005,
author = {Blowey, James F. and Garvie, Marcus R.},
journal = {European Journal of Applied Mathematics},
number = {1},
pages = {1--19},
title = {{A reaction-diffusion system of $\lambda$-$\omega$ type Part I: Mathematical analysis}},
volume = {16},
year = {2005}
}

@article{Garvie2005,
author = {Garvie, Marcus R. and Blowey, James F.},
issn = {09567925},
journal = {European Journal of Applied Mathematics},
number = {5},
pages = {621--646},
title = {{A reaction-diffusion system of $\lambda$-$\omega$ type part II: Numerical analysis}},
volume = {16},
year = {2005}
}

@article{Rubin2004,
annote = {Network STN_GPe-GPi-TC},
author = {Rubin, Jonathan E. and Terman, David},
doi = {10.1023/B:JCNS.0000025686.47117.67},
issn = {09295313},
journal = {Journal of Computational Neuroscience},
keywords = {Basal ganglia,Deep brain stimulation,Parkinson's disease},
number = {3},
pages = {211--235},
pmid = {15114047},
title = {{High frequency stimulation of the subthalamic nucleus eliminates pathological thalamic rhythmicity in a computational model}},
volume = {16},
year = {2004}
}

@article{Gillies2017,
author = {Gillies, M. J. and Hyam, J. A. and Weiss, A. R. and Antoniades, C. A. and Bogacz, R. and Fitzgerald, J. J. and Aziz, T. Z. and Whittington, M. A. and Green, Alexander L.},
doi = {10.1007/s00221-017-4905-8},
isbn = {0123456789},
issn = {14321106},
journal = {Experimental Brain Research},
keywords = {Cognition,Deep brain stimulation,Dystonia,Globus Pallidus,Parkinson's disease},
number = {5},
pages = {1455--1465},
pmid = {28246967},
publisher = {Springer Berlin Heidelberg},
title = {{The Cognitive Role of the Globus Pallidus interna; Insights from Disease States}},
volume = {235},
year = {2017}
}

@book{Lourens2013,
abstract = {parkinson PD},
author = {Lourens, M and van Gils},
booktitle = {Group of Applied Analysis and Mathematical Physics},
isbn = {9789036535076},
title = {{Neural network dynamics in Parkinson's disease}},
volume = {PhD},
year = {2013}
}

@book{Volume2009,
author = {Volume, I and Sirovich, L and Marsden, J E},
pages = {1067},
title = {{Interdisciplinary Applied Mathematics Editors}},
volume = {8},
year = {2009}
}

@article{Abbott1996,
author = {Abbott, L F and Marder, Eve},
pages = {1--44},
title = {{MODELING SMALL NETWORKS The Pyloric Network of the Stomatogastric Ganglion}},
year = {1996}
}

@article{Herz2006,
author = {Herz, Andreas V.M. and Gollisch, Tim and Machens, Christian K. and Jaeger, Dieter},
doi = {10.1126/science.1127240},
issn = {00368075},
journal = {Science},
number = {5796},
pages = {80--85},
pmid = {17023649},
title = {{Modeling single-neuron dynamics and computations: A balance of detail and abstraction}},
volume = {314},
year = {2006}
}

@article{Hodgkin1990,
doi = {10.1007/BF02459568},
issn = {1522-9602},
journal = {Bulletin of Mathematical Biology},
number = {1},
pages = {25--71},
title = {{A quantitative description of membrane current and its application to conduction and excitation in nerve}},
url = {https://doi.org/10.1007/BF02459568},
volume = {52},
year = {1990}
}

@article{Terman2002,
annote = {Network STN-GPe},
author = {Terman, D and Rubin, J E and Yew, A C and Wilson, C J},
keywords = {basal ganglia,computational models,dus,globus palli-,oscillations,parkinson,s,subthalamic nucleus,synchrony},
number = {7},
pages = {1--14},
title = {{Activity Patterns in a Model for the Subthalamopallidal Network of the Basal Ganglia}},
volume = {22},
year = {2002}
}

@article{Iii2019,
author = {Smita More-Potdar},
journal = {Rotation II Report},
title = {{0scillatory properties in networks of neurons within the same level set for single cell activity}},
year = {2019}
}

@article{4066548,  
author={Nagumo, J. and Arimoto, S. and Yoshizawa, S.},  
journal={Proceedings of the IRE},   
title={An Active Pulse Transmission Line Simulating Nerve Axon},   
year={1962},  
volume={50},  
number={10},  
pages={2061-2070},  doi={10.1109/JRPROC.1962.288235}}

@article{Fitzhugh1960,
author = {Fitzhugh, Richard},
doi = {10.1085/jgp.43.5.867},
issn = {0022-1295},
journal = {Journal of General Physiology},
month = {may},
number = {5},
pages = {867--896},
title = {{Thresholds and Plateaus in the Hodgkin-Huxley Nerve Equations }},
url = {https://doi.org/10.1085/jgp.43.5.867},
volume = {43},
year = {1960}
}

@article{Eisenberg2014,
author = {Eisenberg, Marisa C. and Hayashi, Michael A.L.},
doi = {10.1016/j.mbs.2014.08.008},
file = {:Users/guillermovillanueva/Downloads/1-s2.0-S0025556414001631-main.pdf:pdf},
issn = {18793134},
journal = {Mathematical Biosciences},
keywords = {Fisher Information Matrix,Identifiability,Mathematical modeling,Parameter estimation,Profile likelihood},
pages = {116--126},
pmid = {25173434},
publisher = {Elsevier Inc.},
title = {{Determining identifiable parameter combinations using subset profiling}},
url = {http://dx.doi.org/10.1016/j.mbs.2014.08.008},
volume = {256},
year = {2014}
}

@article{Janzen2016,
author = {Janz{\'{e}}n, David L.I. and Bergenholm, Linn{\'{e}}a and Jirstrand, Mats and Parkinson, Joanna and Yates, James and Evans, Neil D. and Chappell, Michael J.},
doi = {10.3389/fphys.2016.00590},
file = {:Users/guillermovillanueva/Downloads/fphys-07-00590 (1).pdf:pdf},
issn = {1664042X},
journal = {Frontiers in Physiology},
keywords = {Fixed effects models,Mixed effects models,Pharmacodynamic models,Practical parameter identifiability,Structural identifiability},
number = {DEC},
pages = {1--12},
title = {{Parameter identifiability of fundamental pharmacodynamic models}},
volume = {7},
year = {2016}
}
